%YAML 1.1
%TAG !u! tag:unity3d.com,2011:
--- !u!1 &116908
GameObject:
  m_ObjectHideFlags: 0
  m_PrefabParentObject: {fileID: 0}
  m_PrefabInternal: {fileID: 100100000}
  serializedVersion: 5
  m_Component:
  - component: {fileID: 444356}
  - component: {fileID: 6564708}
  - component: {fileID: 11420014}
  - component: {fileID: 5428128}
  m_Layer: 0
  m_Name: Barier3D
  m_TagString: Untagged
  m_Icon: {fileID: 0}
  m_NavMeshLayer: 0
  m_StaticEditorFlags: 0
  m_IsActive: 1
--- !u!1 &166634
GameObject:
  m_ObjectHideFlags: 0
  m_PrefabParentObject: {fileID: 0}
  m_PrefabInternal: {fileID: 100100000}
  serializedVersion: 5
  m_Component:
  - component: {fileID: 402346}
  - component: {fileID: 11443264}
  m_Layer: 0
  m_Name: Barier_1
  m_TagString: Untagged
  m_Icon: {fileID: 0}
  m_NavMeshLayer: 0
  m_StaticEditorFlags: 0
  m_IsActive: 1
--- !u!1 &189862
GameObject:
  m_ObjectHideFlags: 0
  m_PrefabParentObject: {fileID: 0}
  m_PrefabInternal: {fileID: 100100000}
  serializedVersion: 5
  m_Component:
  - component: {fileID: 413036}
  - component: {fileID: 21277170}
  - component: {fileID: 6008296}
  - component: {fileID: 11454726}
  m_Layer: 0
  m_Name: Barier2D
  m_TagString: Untagged
  m_Icon: {fileID: 0}
  m_NavMeshLayer: 0
  m_StaticEditorFlags: 0
  m_IsActive: 1
--- !u!4 &402346
Transform:
  m_ObjectHideFlags: 1
  m_PrefabParentObject: {fileID: 0}
  m_PrefabInternal: {fileID: 100100000}
  m_GameObject: {fileID: 166634}
  m_LocalRotation: {x: 0, y: 0, z: 0, w: 1}
  m_LocalPosition: {x: -0, y: -0, z: -0}
  m_LocalScale: {x: 1, y: 1, z: 1}
  m_Children:
  - {fileID: 413036}
  - {fileID: 444356}
  m_Father: {fileID: 0}
  m_RootOrder: 0
  m_LocalEulerAnglesHint: {x: 0, y: 0, z: 0}
--- !u!4 &413036
Transform:
  m_ObjectHideFlags: 1
  m_PrefabParentObject: {fileID: 0}
  m_PrefabInternal: {fileID: 100100000}
  m_GameObject: {fileID: 189862}
  m_LocalRotation: {x: 0, y: 0, z: 0, w: 1}
  m_LocalPosition: {x: 0, y: 0, z: 0}
  m_LocalScale: {x: 1, y: 1, z: 1}
  m_Children: []
  m_Father: {fileID: 402346}
  m_RootOrder: 0
  m_LocalEulerAnglesHint: {x: 0, y: 0, z: 0}
--- !u!4 &444356
Transform:
  m_ObjectHideFlags: 1
  m_PrefabParentObject: {fileID: 0}
  m_PrefabInternal: {fileID: 100100000}
  m_GameObject: {fileID: 116908}
  m_LocalRotation: {x: 0, y: 0, z: 0, w: 1}
  m_LocalPosition: {x: 0, y: 0, z: 0}
  m_LocalScale: {x: 1, y: 1, z: 1}
  m_Children: []
  m_Father: {fileID: 402346}
  m_RootOrder: 1
  m_LocalEulerAnglesHint: {x: 0, y: 0, z: 0}
--- !u!54 &5428128
Rigidbody:
  m_ObjectHideFlags: 1
  m_PrefabParentObject: {fileID: 0}
  m_PrefabInternal: {fileID: 100100000}
  m_GameObject: {fileID: 116908}
  serializedVersion: 2
  m_Mass: 1
  m_Drag: 0
  m_AngularDrag: 0.05
  m_UseGravity: 0
  m_IsKinematic: 0
  m_Interpolate: 0
  m_Constraints: 0
  m_CollisionDetection: 0
--- !u!60 &6008296
PolygonCollider2D:
  m_ObjectHideFlags: 1
  m_PrefabParentObject: {fileID: 0}
  m_PrefabInternal: {fileID: 100100000}
  m_GameObject: {fileID: 189862}
  m_Enabled: 0
  m_Density: 1
  m_Material: {fileID: 0}
  m_IsTrigger: 1
  m_UsedByEffector: 0
  m_UsedByComposite: 0
  m_Offset: {x: 0, y: 0}
  m_SpriteTilingProperty:
    border: {x: 0, y: 0, z: 0, w: 0}
    pivot: {x: 0.5, y: 0.5}
    oldSize: {x: 6, y: 6}
    newSize: {x: 1, y: 1}
    adaptiveTilingThreshold: 0.5
    drawMode: 0
    adaptiveTiling: 0
  m_AutoTiling: 0
  m_Points:
    m_Paths:
    - - {x: -1.02, y: -1.74}
      - {x: -0.79, y: -1.73}
      - {x: -0.57, y: -1.66}
      - {x: 0.17, y: -1.71}
      - {x: 0.54, y: -1.76}
      - {x: 0.91, y: -1.88}
      - {x: 2.28, y: -2.57}
      - {x: 2.28, y: -3}
      - {x: 3, y: -3}
      - {x: 3, y: -1.26}
      - {x: 2.98, y: -1.26}
      - {x: 2.32, y: -1.9}
      - {x: 2.28, y: -1.95}
      - {x: 2.28, y: -2.22}
      - {x: 1.97, y: -2.05}
      - {x: 0.15, y: -1.09}
      - {x: 0.01, y: -1.07}
      - {x: -0.55, y: -1.24}
      - {x: -0.65, y: -1.19}
      - {x: -0.64, y: 0.19}
      - {x: -0.19, y: 0.54}
      - {x: 2.53, y: 0.47}
      - {x: 2.41, y: 0.34}
      - {x: 2.35, y: 0.06}
      - {x: 2.14, y: -0.11}
      - {x: 2.11, y: -0.25}
      - {x: 2.17, y: -0.33}
      - {x: 2.4, y: -0.39}
      - {x: 2.42, y: -0.59}
      - {x: 2.99, y: -1.16}
      - {x: 3, y: -1.16}
      - {x: 3, y: 1.04}
      - {x: 2.98, y: 1.05}
      - {x: 2.88, y: 0.92}
      - {x: 2.87, y: 0.89}
      - {x: -0.061926723, y: 0.8412205}
      - {x: -2.4072485, y: 0.86264586}
      - {x: -2.36, y: 1.82}
      - {x: -2.33, y: 1.85}
      - {x: -2.3, y: 1.9}
      - {x: -2.28, y: 1.93}
      - {x: -2.22, y: 2.03}
      - {x: 0.31939334, y: 2.0417945}
      - {x: 0.47429314, y: 2.2190266}
      - {x: 0.7, y: 2.25}
      - {x: 0.68, y: 2.69}
      - {x: 2.3410177, y: 2.724516}
      - {x: 2.31, y: 1.87}
      - {x: 2.38, y: 1.72}
      - {x: 2.48, y: 1.62}
      - {x: 2.99, y: 1.21}
      - {x: 3, y: 1.21}
      - {x: 3, y: 3}
      - {x: -3, y: 3}
      - {x: -3, y: -3}
      - {x: -2.36, y: -3}
      - {x: -2.36, y: -2.17}
      - {x: -2.17, y: -2.08}
      - {x: -1.47, y: -1.97}
    - - {x: -2.3989315, y: 0.32787538}
      - {x: -2.24086, y: 0.44662178}
      - {x: -2.0609422, y: 0.57277906}
      - {x: -2.05, y: 0.54}
      - {x: -1.4161762, y: 0.59104097}
      - {x: -0.93714976, y: 0.58285}
      - {x: -0.94713616, y: -1.4223795}
      - {x: -1.0137136, y: -1.4434531}
      - {x: -2.152575, y: -1.7030225}
      - {x: -2.3896513, y: -1.8251712}
      - {x: -2.4132786, y: -1.7344601}
--- !u!65 &6564708
BoxCollider:
  m_ObjectHideFlags: 1
  m_PrefabParentObject: {fileID: 0}
  m_PrefabInternal: {fileID: 100100000}
  m_GameObject: {fileID: 116908}
  m_Material: {fileID: 0}
  m_IsTrigger: 1
  m_Enabled: 1
  serializedVersion: 2
  m_Size: {x: 5.95, y: 5.95, z: 0.25}
  m_Center: {x: 0, y: 0, z: 0.05}
--- !u!114 &11420014
MonoBehaviour:
  m_ObjectHideFlags: 1
  m_PrefabParentObject: {fileID: 0}
  m_PrefabInternal: {fileID: 100100000}
  m_GameObject: {fileID: 116908}
  m_Enabled: 1
  m_EditorHideFlags: 0
  m_Script: {fileID: 11500000, guid: 0eeb04193340d444eac377fb4724168a, type: 3}
  m_Name: 
  m_EditorClassIdentifier: 
  BarierDeathCollider: {fileID: 6008296}
--- !u!114 &11443264
MonoBehaviour:
  m_ObjectHideFlags: 1
  m_PrefabParentObject: {fileID: 0}
  m_PrefabInternal: {fileID: 100100000}
  m_GameObject: {fileID: 166634}
  m_Enabled: 1
  m_EditorHideFlags: 0
  m_Script: {fileID: 11500000, guid: 966df705d959ee84d86370683353917b, type: 3}
  m_Name: 
  m_EditorClassIdentifier: 
  Number: 1
--- !u!114 &11454726
MonoBehaviour:
  m_ObjectHideFlags: 1
  m_PrefabParentObject: {fileID: 0}
  m_PrefabInternal: {fileID: 100100000}
  m_GameObject: {fileID: 189862}
  m_Enabled: 1
  m_EditorHideFlags: 0
  m_Script: {fileID: 11500000, guid: c9c12b14798eb3f4fb17c31b13c725cd, type: 3}
  m_Name: 
  m_EditorClassIdentifier: 
--- !u!212 &21277170
SpriteRenderer:
  m_ObjectHideFlags: 1
  m_PrefabParentObject: {fileID: 0}
  m_PrefabInternal: {fileID: 100100000}
  m_GameObject: {fileID: 189862}
  m_Enabled: 1
  m_CastShadows: 0
  m_ReceiveShadows: 0
  m_DynamicOccludee: 1
  m_MotionVectors: 1
  m_LightProbeUsage: 0
  m_ReflectionProbeUsage: 0
  m_Materials:
  - {fileID: 2100000, guid: 588585f501900ff4f84d0bb56c2a7838, type: 2}
  m_StaticBatchInfo:
    firstSubMesh: 0
    subMeshCount: 0
  m_StaticBatchRoot: {fileID: 0}
  m_ProbeAnchor: {fileID: 0}
  m_LightProbeVolumeOverride: {fileID: 0}
  m_ScaleInLightmap: 1
  m_PreserveUVs: 0
  m_IgnoreNormalsForChartDetection: 0
  m_ImportantGI: 0
  m_StitchLightmapSeams: 0
  m_SelectedEditorRenderState: 0
  m_MinimumChartSize: 4
  m_AutoUVMaxDistance: 0.5
  m_AutoUVMaxAngle: 89
  m_LightmapParameters: {fileID: 0}
  m_SortingLayerID: 0
  m_SortingLayer: 0
  m_SortingOrder: 0
  m_Sprite: {fileID: 21300000, guid: 5a8700a7f65ac60458d0c7e48ad73627, type: 3}
  m_Color: {r: 1, g: 1, b: 1, a: 1}
  m_FlipX: 0
  m_FlipY: 0
  m_DrawMode: 0
  m_Size: {x: 1, y: 1}
  m_AdaptiveModeThreshold: 0.5
  m_SpriteTileMode: 0
  m_WasSpriteAssigned: 1
  m_MaskInteraction: 0
--- !u!1001 &100100000
Prefab:
  m_ObjectHideFlags: 1
  serializedVersion: 2
  m_Modification:
    m_TransformParent: {fileID: 0}
    m_Modifications:
    - target: {fileID: 0}
      propertyPath: m_Enabled
      value: 0
      objectReference: {fileID: 0}
    - target: {fileID: 0}
      propertyPath: m_Materials.Array.data[0]
      value: 
      objectReference: {fileID: 2100000, guid: 588585f501900ff4f84d0bb56c2a7838, type: 2}
    - target: {fileID: 0}
      propertyPath: Number
      value: 1
      objectReference: {fileID: 0}
    m_RemovedComponents: []
  m_ParentPrefab: {fileID: 0}
  m_RootGameObject: {fileID: 166634}
  m_IsPrefabParent: 1
