%YAML 1.1
%TAG !u! tag:unity3d.com,2011:
--- !u!1 &122950
GameObject:
  m_ObjectHideFlags: 0
  m_PrefabParentObject: {fileID: 0}
  m_PrefabInternal: {fileID: 100100000}
  serializedVersion: 5
  m_Component:
  - component: {fileID: 483440}
  - component: {fileID: 11411260}
  m_Layer: 0
  m_Name: Barier_0
  m_TagString: Untagged
  m_Icon: {fileID: 0}
  m_NavMeshLayer: 0
  m_StaticEditorFlags: 0
  m_IsActive: 1
--- !u!1 &123450
GameObject:
  m_ObjectHideFlags: 0
  m_PrefabParentObject: {fileID: 0}
  m_PrefabInternal: {fileID: 100100000}
  serializedVersion: 5
  m_Component:
  - component: {fileID: 452194}
  - component: {fileID: 6510344}
  - component: {fileID: 11494312}
  - component: {fileID: 5491232}
  m_Layer: 0
  m_Name: Barier3D
  m_TagString: Untagged
  m_Icon: {fileID: 0}
  m_NavMeshLayer: 0
  m_StaticEditorFlags: 0
  m_IsActive: 1
--- !u!1 &160940
GameObject:
  m_ObjectHideFlags: 0
  m_PrefabParentObject: {fileID: 0}
  m_PrefabInternal: {fileID: 100100000}
  serializedVersion: 5
  m_Component:
  - component: {fileID: 436804}
  - component: {fileID: 21248238}
  - component: {fileID: 6065180}
  - component: {fileID: 11486734}
  m_Layer: 0
  m_Name: Barier2D
  m_TagString: Untagged
  m_Icon: {fileID: 0}
  m_NavMeshLayer: 0
  m_StaticEditorFlags: 0
  m_IsActive: 1
--- !u!4 &436804
Transform:
  m_ObjectHideFlags: 1
  m_PrefabParentObject: {fileID: 0}
  m_PrefabInternal: {fileID: 100100000}
  m_GameObject: {fileID: 160940}
  m_LocalRotation: {x: 0, y: 0, z: 0, w: 1}
  m_LocalPosition: {x: 0, y: 0, z: 0}
  m_LocalScale: {x: 1, y: 1, z: 1}
  m_Children: []
  m_Father: {fileID: 483440}
  m_RootOrder: 0
  m_LocalEulerAnglesHint: {x: 0, y: 0, z: 0}
--- !u!4 &452194
Transform:
  m_ObjectHideFlags: 1
  m_PrefabParentObject: {fileID: 0}
  m_PrefabInternal: {fileID: 100100000}
  m_GameObject: {fileID: 123450}
  m_LocalRotation: {x: 0, y: 0, z: 0, w: 1}
  m_LocalPosition: {x: 0, y: 0, z: 0}
  m_LocalScale: {x: 1, y: 1, z: 1}
  m_Children: []
  m_Father: {fileID: 483440}
  m_RootOrder: 1
  m_LocalEulerAnglesHint: {x: 0, y: 0, z: 0}
--- !u!4 &483440
Transform:
  m_ObjectHideFlags: 1
  m_PrefabParentObject: {fileID: 0}
  m_PrefabInternal: {fileID: 100100000}
  m_GameObject: {fileID: 122950}
  m_LocalRotation: {x: 0, y: 0, z: 0, w: 1}
  m_LocalPosition: {x: 0, y: 0, z: 0}
  m_LocalScale: {x: 1, y: 1, z: 1}
  m_Children:
  - {fileID: 436804}
  - {fileID: 452194}
  m_Father: {fileID: 0}
  m_RootOrder: 0
  m_LocalEulerAnglesHint: {x: 0, y: 0, z: 0}
--- !u!54 &5491232
Rigidbody:
  m_ObjectHideFlags: 1
  m_PrefabParentObject: {fileID: 0}
  m_PrefabInternal: {fileID: 100100000}
  m_GameObject: {fileID: 123450}
  serializedVersion: 2
  m_Mass: 1
  m_Drag: 0
  m_AngularDrag: 0.05
  m_UseGravity: 0
  m_IsKinematic: 0
  m_Interpolate: 0
  m_Constraints: 0
  m_CollisionDetection: 0
--- !u!60 &6065180
PolygonCollider2D:
  m_ObjectHideFlags: 1
  m_PrefabParentObject: {fileID: 0}
  m_PrefabInternal: {fileID: 100100000}
  m_GameObject: {fileID: 160940}
  m_Enabled: 0
  m_Density: 1
  m_Material: {fileID: 0}
  m_IsTrigger: 1
  m_UsedByEffector: 0
  m_UsedByComposite: 0
  m_Offset: {x: 0, y: 0}
  m_SpriteTilingProperty:
    border: {x: 0, y: 0, z: 0, w: 0}
    pivot: {x: 0.5, y: 0.5}
    oldSize: {x: 6, y: 6}
    newSize: {x: 1, y: 1}
    adaptiveTilingThreshold: 0.5
    drawMode: 0
    adaptiveTiling: 0
  m_AutoTiling: 0
  m_Points:
    m_Paths:
    - - {x: 0.65, y: -2.66}
      - {x: 0.74, y: -2.49}
      - {x: 0.89, y: -2.29}
      - {x: 1.16, y: -1.97}
      - {x: 1.28, y: -1.85}
      - {x: 1.37, y: -1.73}
      - {x: 1.45, y: -1.62}
      - {x: 1.44, y: -1.55}
      - {x: 1.38, y: -1.49}
      - {x: 1.31, y: -1.49}
      - {x: 1.15, y: -1.54}
      - {x: 0.88, y: -1.68}
      - {x: 0.77, y: -1.71}
      - {x: 0.48, y: -1.8}
      - {x: 0.36, y: -1.88}
      - {x: 0.07, y: -1.99}
      - {x: -0.04, y: -2}
      - {x: -0.15, y: -2.06}
      - {x: -0.18, y: -2}
      - {x: -0.25, y: -1.97}
      - {x: -0.33, y: -1.98}
      - {x: -0.66, y: -2.04}
      - {x: -0.83, y: -2.07}
      - {x: -0.92, y: -2.08}
      - {x: -0.89, y: -2.02}
      - {x: -0.88, y: -1.94}
      - {x: -0.95, y: -1.9}
      - {x: -1.19, y: -1.96}
      - {x: -1.51, y: -1.98}
      - {x: -1.6, y: -1.88}
      - {x: -1.65, y: -1.77}
      - {x: -1.73, y: -1.75}
      - {x: -1.83, y: -1.8}
      - {x: -1.93, y: -1.83}
      - {x: -2.08, y: -1.84}
      - {x: -2.11, y: -1.73}
      - {x: -2.2, y: -1.69}
      - {x: -2.4, y: -1.72}
      - {x: -2.53, y: -1.65}
      - {x: -2.73, y: -1.45}
      - {x: -2.83, y: -1.22}
      - {x: -2.88, y: -1.05}
      - {x: -2.89, y: -1.04}
      - {x: -2.89, y: -0.2}
      - {x: -2.88, y: -0.19}
      - {x: -2.71, y: 0.11}
      - {x: -2.64, y: 0.18}
      - {x: -2.29, y: 0.66}
      - {x: -2.25, y: 0.68}
      - {x: -2.2, y: 0.81}
      - {x: -2.06, y: 0.98}
      - {x: -2.06, y: 1.08}
      - {x: -2.14, y: 1.11}
      - {x: -2.32, y: 0.97}
      - {x: -2.4, y: 0.92}
      - {x: -2.53, y: 0.94}
      - {x: -2.87, y: 1.04}
      - {x: -2.92, y: 1.06}
      - {x: -2.92, y: 1.2}
      - {x: -2.65, y: 1.49}
      - {x: -2.4, y: 1.75}
      - {x: -2.2, y: 1.89}
      - {x: -2.1, y: 1.93}
      - {x: -1.73, y: 2.04}
      - {x: -1.35, y: 2.12}
      - {x: -0.94, y: 2.2}
      - {x: -0.68, y: 2.27}
      - {x: -0.62, y: 2.3}
      - {x: -0.31, y: 2.32}
      - {x: -0.21, y: 2.35}
      - {x: 0.09, y: 2.35}
      - {x: 0.45, y: 2.34}
      - {x: 0.75, y: 2.33}
      - {x: 1.41, y: 2.3}
      - {x: 1.41, y: 2.28}
      - {x: 1.72, y: 2.24}
      - {x: 1.88, y: 2.11}
      - {x: 2.66, y: 1.48}
      - {x: 2.75, y: 1.41}
      - {x: 2.75, y: 1.05}
      - {x: 2.78, y: 0.83}
      - {x: 2.7, y: 0.75}
      - {x: 2.5, y: 0.73}
      - {x: 2.38, y: 0.74}
      - {x: 2.31, y: 0.65}
      - {x: 2.36, y: 0.54}
      - {x: 2.39, y: 0.39}
      - {x: 2.36, y: 0.29}
      - {x: 2.34, y: 0.22}
      - {x: 2.16, y: 0.05}
      - {x: 1.82, y: -0.12}
      - {x: 1.7, y: -0.19}
      - {x: 1.72, y: -0.29}
      - {x: 1.74, y: -0.31}
      - {x: 2, y: -0.37}
      - {x: 2.23, y: -0.46}
      - {x: 2.24, y: -0.57}
      - {x: 2.17, y: -0.66}
      - {x: 2.19, y: -0.76}
      - {x: 2.41, y: -0.84}
      - {x: 2.48, y: -0.84}
      - {x: 2.64, y: -0.92}
      - {x: 2.81, y: -1.09}
      - {x: 2.86, y: -1.17}
      - {x: 2.87, y: -1.39}
      - {x: 2.82, y: -1.41}
      - {x: 2.67, y: -1.58}
      - {x: 2.49, y: -1.8}
      - {x: 2.26, y: -2.04}
      - {x: 2.17, y: -2.14}
      - {x: 1.84, y: -2.47}
      - {x: 1.8, y: -2.49}
      - {x: 1.71, y: -2.56}
      - {x: 1.45, y: -2.75}
      - {x: 1.3, y: -2.86}
      - {x: 1.14, y: -2.93}
      - {x: 1.09, y: -2.99}
      - {x: 1.09, y: -3}
      - {x: 3, y: -3}
      - {x: 3, y: 3}
      - {x: -3, y: 3}
      - {x: -3, y: -3}
      - {x: 0.56, y: -3}
      - {x: 0.56, y: -2.96}
      - {x: 0.55, y: -2.8}
      - {x: 0.58, y: -2.78}
    - - {x: -0.02, y: -1.13}
      - {x: 0.07, y: -1.13}
      - {x: 0.11, y: -1.09}
      - {x: 0.11, y: -0.87}
      - {x: 0.1, y: -0.83}
      - {x: 0.11, y: -0.4}
      - {x: 0.09, y: -0.06}
      - {x: -0.09, y: 0.1}
      - {x: -0.21, y: 0.17}
      - {x: -0.63, y: 0.36}
      - {x: -0.94, y: 0.45}
      - {x: -1.14, y: 0.45}
      - {x: -1.6, y: 0.27}
      - {x: -1.82, y: 0.19}
      - {x: -1.91, y: 0.1}
      - {x: -1.89, y: 0}
      - {x: -2.02, y: -0.13}
      - {x: -2.2, y: -0.21}
      - {x: -2.27, y: -0.27}
      - {x: -2.47, y: -0.35}
      - {x: -2.53, y: -0.41}
      - {x: -2.53, y: -0.5}
      - {x: -2.36, y: -0.65}
      - {x: -2.28, y: -0.67}
      - {x: -2.13, y: -0.77}
      - {x: -2.02, y: -0.78}
      - {x: -1.72, y: -0.78}
      - {x: -1.64, y: -0.76}
      - {x: -1.46, y: -0.91}
      - {x: -1.43, y: -0.91}
      - {x: -0.88, y: -1.46}
      - {x: -0.85, y: -1.48}
      - {x: -0.73, y: -1.6}
      - {x: -0.58, y: -1.74}
      - {x: -0.53, y: -1.77}
      - {x: -0.49, y: -1.76}
      - {x: -0.52, y: -1.63}
      - {x: -0.76, y: -1.04}
      - {x: -0.61, y: -1.07}
    - - {x: -1.4, y: -0.67}
      - {x: -1.54, y: -0.55}
      - {x: -1.46, y: -0.4}
      - {x: -1.4, y: -0.26}
      - {x: -1.26, y: 0.09}
      - {x: -1.21, y: 0.17}
      - {x: -1.09, y: 0.23}
      - {x: -1.01, y: 0.25}
      - {x: -0.55, y: 0.01}
      - {x: -0.34, y: -0.08}
      - {x: -0.28, y: -0.09}
      - {x: -0.17, y: -0.13}
      - {x: -0.19, y: -0.15}
      - {x: -0.36, y: -0.46}
      - {x: -0.45, y: -0.56}
      - {x: -0.95, y: -0.7}
      - {x: -1.12, y: -0.74}
      - {x: -1.24, y: -0.77}
    - - {x: 0.17, y: 0.92}
      - {x: 0.26, y: 0.91}
      - {x: 0.38, y: 0.83}
      - {x: 0.54, y: 0.65}
      - {x: 0.76, y: 0.49}
      - {x: 0.83, y: 0.41}
      - {x: 0.96, y: 0.31}
      - {x: 1.17, y: 0.19}
      - {x: 1.23, y: 0.19}
      - {x: 1.28, y: 0.23}
      - {x: 1.25, y: 0.3}
      - {x: 1.1, y: 0.48}
      - {x: 1.04, y: 0.51}
      - {x: 0.93, y: 0.65}
      - {x: 0.76, y: 0.82}
      - {x: 0.75, y: 0.9}
      - {x: 0.84, y: 0.87}
      - {x: 0.97, y: 0.84}
      - {x: 1.16, y: 0.83}
      - {x: 1.4, y: 0.83}
      - {x: 1.57, y: 0.82}
      - {x: 1.63, y: 0.87}
      - {x: 1.63, y: 0.93}
      - {x: 1.58, y: 0.97}
      - {x: 1.41, y: 1.02}
      - {x: 0.91, y: 1.15}
      - {x: 0.66, y: 1.26}
      - {x: 0.44, y: 1.41}
      - {x: 0.45, y: 1.44}
      - {x: 0.38, y: 1.49}
      - {x: 0.23, y: 1.51}
      - {x: 0.19, y: 1.69}
      - {x: 0.19, y: 1.79}
      - {x: 0.15, y: 1.89}
      - {x: -0.02, y: 1.89}
      - {x: -0.05, y: 1.86}
      - {x: -0.17, y: 1.47}
      - {x: -0.33, y: 1.34}
      - {x: -0.42, y: 1.32}
      - {x: -0.93, y: 1.21}
      - {x: -1.24, y: 1.02}
      - {x: -1.24, y: 1}
      - {x: -1.21, y: 0.96}
      - {x: -1.05, y: 0.97}
      - {x: -1, y: 1.01}
      - {x: -0.77, y: 1.02}
      - {x: -0.39, y: 1.04}
      - {x: -0.29, y: 1}
      - {x: -0.19, y: 0.92}
      - {x: -0.26, y: 0.93}
      - {x: -0.35, y: 0.84}
      - {x: -0.3, y: 0.67}
      - {x: -0.28, y: 0.53}
      - {x: -0.2, y: 0.24}
      - {x: -0.13, y: 0.17}
      - {x: -0.1, y: 0.17}
      - {x: -0.06, y: 0.24}
      - {x: 0.01, y: 0.45}
      - {x: 0.07, y: 0.62}
--- !u!65 &6510344
BoxCollider:
  m_ObjectHideFlags: 1
  m_PrefabParentObject: {fileID: 0}
  m_PrefabInternal: {fileID: 100100000}
  m_GameObject: {fileID: 123450}
  m_Material: {fileID: 0}
  m_IsTrigger: 1
  m_Enabled: 1
  serializedVersion: 2
  m_Size: {x: 5.95, y: 5.95, z: 0.25}
  m_Center: {x: 0, y: 0, z: 0.05}
--- !u!114 &11411260
MonoBehaviour:
  m_ObjectHideFlags: 1
  m_PrefabParentObject: {fileID: 0}
  m_PrefabInternal: {fileID: 100100000}
  m_GameObject: {fileID: 122950}
  m_Enabled: 1
  m_EditorHideFlags: 0
  m_Script: {fileID: 11500000, guid: 966df705d959ee84d86370683353917b, type: 3}
  m_Name: 
  m_EditorClassIdentifier: 
  Number: 0
--- !u!114 &11486734
MonoBehaviour:
  m_ObjectHideFlags: 1
  m_PrefabParentObject: {fileID: 0}
  m_PrefabInternal: {fileID: 100100000}
  m_GameObject: {fileID: 160940}
  m_Enabled: 1
  m_EditorHideFlags: 0
  m_Script: {fileID: 11500000, guid: c9c12b14798eb3f4fb17c31b13c725cd, type: 3}
  m_Name: 
  m_EditorClassIdentifier: 
--- !u!114 &11494312
MonoBehaviour:
  m_ObjectHideFlags: 1
  m_PrefabParentObject: {fileID: 0}
  m_PrefabInternal: {fileID: 100100000}
  m_GameObject: {fileID: 123450}
  m_Enabled: 1
  m_EditorHideFlags: 0
  m_Script: {fileID: 11500000, guid: 0eeb04193340d444eac377fb4724168a, type: 3}
  m_Name: 
  m_EditorClassIdentifier: 
  BarierDeathCollider: {fileID: 6065180}
--- !u!212 &21248238
SpriteRenderer:
  m_ObjectHideFlags: 1
  m_PrefabParentObject: {fileID: 0}
  m_PrefabInternal: {fileID: 100100000}
  m_GameObject: {fileID: 160940}
  m_Enabled: 1
  m_CastShadows: 0
  m_ReceiveShadows: 0
  m_DynamicOccludee: 1
  m_MotionVectors: 1
  m_LightProbeUsage: 0
  m_ReflectionProbeUsage: 0
  m_Materials:
  - {fileID: 2100000, guid: 588585f501900ff4f84d0bb56c2a7838, type: 2}
  m_StaticBatchInfo:
    firstSubMesh: 0
    subMeshCount: 0
  m_StaticBatchRoot: {fileID: 0}
  m_ProbeAnchor: {fileID: 0}
  m_LightProbeVolumeOverride: {fileID: 0}
  m_ScaleInLightmap: 1
  m_PreserveUVs: 0
  m_IgnoreNormalsForChartDetection: 0
  m_ImportantGI: 0
  m_StitchLightmapSeams: 0
  m_SelectedEditorRenderState: 0
  m_MinimumChartSize: 4
  m_AutoUVMaxDistance: 0.5
  m_AutoUVMaxAngle: 89
  m_LightmapParameters: {fileID: 0}
  m_SortingLayerID: 0
  m_SortingLayer: 0
  m_SortingOrder: 0
  m_Sprite: {fileID: 21300000, guid: 505727d2e54cf7a40b8b6cc89567ddd6, type: 3}
  m_Color: {r: 1, g: 1, b: 1, a: 1}
  m_FlipX: 0
  m_FlipY: 0
  m_DrawMode: 0
  m_Size: {x: 1, y: 1}
  m_AdaptiveModeThreshold: 0.5
  m_SpriteTileMode: 0
  m_WasSpriteAssigned: 1
  m_MaskInteraction: 0
--- !u!1001 &100100000
Prefab:
  m_ObjectHideFlags: 1
  serializedVersion: 2
  m_Modification:
    m_TransformParent: {fileID: 0}
    m_Modifications:
    - target: {fileID: 0}
      propertyPath: m_Enabled
      value: 0
      objectReference: {fileID: 0}
    - target: {fileID: 0}
      propertyPath: m_IsTrigger
      value: 1
      objectReference: {fileID: 0}
    - target: {fileID: 0}
      propertyPath: m_Materials.Array.data[0]
      value: 
      objectReference: {fileID: 10754, guid: 0000000000000000f000000000000000, type: 0}
    m_RemovedComponents: []
  m_ParentPrefab: {fileID: 0}
  m_RootGameObject: {fileID: 122950}
  m_IsPrefabParent: 1
